<collection xmlns="http://www.loc.gov/MARC21/slim"><record><leader>00713nam  2200217   450</leader><controlfield tag="001">410</controlfield><controlfield tag="003">http://montalegre.opacnet.com/OPAC/default.aspx?ContentAreaControl=ShowRegHoldings.ascx&amp;RegNo=16662</controlfield><datafield tag="095" ind1=" " ind2=" "><subfield code="a">PTBN00007910</subfield></datafield><datafield tag="100" ind1=" " ind2=" "><subfield code="a">19790501d1979    m  y0pora010305  ba</subfield></datafield><datafield tag="101" ind1="1" ind2=" "><subfield code="a">por</subfield><subfield code="c">fre</subfield></datafield><datafield tag="102" ind1=" " ind2=" "><subfield code="a">PT</subfield></datafield><datafield tag="200" ind1="1" ind2=" "><subfield code="a">&lt;A &gt;costa das Sirtes</subfield><subfield code="f">Julien Gracq</subfield><subfield code="g">trad. de Pedro Tamen</subfield></datafield><datafield tag="210" ind1=" " ind2=" "><subfield code="a">Lisboa</subfield><subfield code="c">Ed. António Ramos</subfield><subfield code="d">imp. 1979</subfield></datafield><datafield tag="215" ind1=" " ind2=" "><subfield code="a">327 p.</subfield><subfield code="d">23 cm</subfield></datafield><datafield tag="225" ind1="2" ind2=" "><subfield code="a">Páginas de sempre</subfield></datafield><datafield tag="304" ind1=" " ind2=" "><subfield code="a">Tit. orig. Le rivage des Syrtes</subfield></datafield><datafield tag="675" ind1=" " ind2=" "><subfield code="a">821</subfield><subfield code="v">bn</subfield><subfield code="z">por</subfield></datafield><datafield tag="700" ind1=" " ind2="1"><subfield code="a">Gracq</subfield><subfield code="b">Julien</subfield><subfield code="f">1910-</subfield></datafield><datafield tag="702" ind1=" " ind2="1"><subfield code="a">Tamen</subfield><subfield code="b">Pedro</subfield><subfield code="f">1934-</subfield><subfield code="4">730</subfield></datafield><datafield tag="801" ind1=" " ind2="0"><subfield code="a">PT</subfield><subfield code="b">Biblioteca Municipal de Montalegre</subfield><subfield code="g">RPC</subfield></datafield><datafield tag="856" ind1=" " ind2=" "><subfield code="u">locateMedia.asp?cod=20060516143249&amp;ext=jpg</subfield><subfield code="z">CAPA</subfield></datafield><datafield tag="909" ind1="&#9;" ind2=" "><subfield code="a">1</subfield></datafield><datafield tag="966" ind1=" " ind2=" "><subfield code="a">0008678</subfield><subfield code="l">BMM</subfield><subfield code="s">SCG 821 GRA cos</subfield></datafield></record></collection>